<?xml version="1.0" encoding="utf-8"?>
<record xmlns="http://www.loc.gov/MARC21/slim" xmlns:xsi="http://www.w3.org/2001/XMLSchema-instance" xsi:schemaLocation="http://www.loc.gov/MARC21/slim http://www.loc.gov/standards/marcxml/schema/MARC21slim.xsd">
	<leader>     nam a22     Mi 4500</leader>
	<controlfield tag="001">b12513258</controlfield>
	<controlfield tag="003">LeBAU</controlfield>
	<controlfield tag="006">m        d        </controlfield>
	<controlfield tag="007">cr cn |||m|||a</controlfield>
	<controlfield tag="008">210616m19541956ua a    o     ||0 1 ara d</controlfield>
	<datafield ind1=" " ind2=" " tag="040">
		<subfield code="a">ZYU</subfield>
		<subfield code="b">ara</subfield>
		<subfield code="e">rda</subfield>
		<subfield code="c">ZYU</subfield>
	</datafield>
	<datafield ind1="1" ind2=" " tag="041">
		<subfield code="a">ara</subfield>
		<subfield code="h">eng</subfield>
	</datafield>
	<datafield ind1="0" ind2="4" tag="082">
		<subfield code="a">813</subfield>
		<subfield code="2">23</subfield>
	</datafield>
	<datafield ind1="1" ind2=" " tag="100">
		<subfield code="6">880-01</subfield>
		<subfield code="a">Alcott, Louisa May,</subfield>
		<subfield code="d">1832-1888.</subfield>
		<subfield code="e">author.</subfield>
		<subfield code="0">http://id.loc.gov/authorities/names/n82160866 ,</subfield>
	</datafield>
	<datafield ind1="1" ind2="0" tag="240">
		<subfield code="a">Little women.</subfield>
		<subfield code="l">Arabic</subfield>
	</datafield>
	<datafield ind1="1" ind2="0" tag="245">
		<subfield code="6">880-02</subfield>
		<subfield code="a">Nisāʼ saghīrāt /</subfield>
		<subfield code="c">taʻlīf Luwīzā M. Alkūt ; tarjamat Amīnah al-Sʻaīd.</subfield>
	</datafield>
	<datafield ind1=" " ind2="1" tag="264">
		<subfield code="6">880-03</subfield>
		<subfield code="a">Miṣr :</subfield>
		<subfield code="b">Dar al-Maʻārif,</subfield>
		<subfield code="c">1954-1956.</subfield>
	</datafield>
	<datafield ind1=" " ind2=" " tag="300">
		<subfield code="6">880-04</subfield>
		<subfield code="a">online resource (4 volumes) :</subfield>
		<subfield code="b">illustrations (some color)</subfield>
	</datafield>
	<datafield ind1=" " ind2=" " tag="336">
		<subfield code="a">text</subfield>
		<subfield code="2">rdacontent</subfield>
	</datafield>
	<datafield ind1=" " ind2=" " tag="337">
		<subfield code="a">computer</subfield>
		<subfield code="2">rdamedia</subfield>
	</datafield>
	<datafield ind1=" " ind2=" " tag="338">
		<subfield code="a">online resource</subfield>
		<subfield code="2">rdacarrier</subfield>
	</datafield>
	<datafield ind1=" " ind2=" " tag="500">
		<subfield code="a">Part of the Arabic Collections Online (ACO) project, contributed by American University of Beirut's Jafet Memorial Library.</subfield>
	</datafield>
	<datafield ind1=" " ind2=" " tag="533">
		<subfield code="a">Electronic reproduction.</subfield>
		<subfield code="b">New York, N.Y. :</subfield>
		<subfield code="c">New York University,</subfield>
		<subfield code="d">2021.</subfield>
		<subfield code="5">NNU</subfield>
	</datafield>
	<datafield ind1=" " ind2=" " tag="590">
		<subfield code="a">في المكتبة: الاجزاء 2-4.</subfield>
	</datafield>
	<datafield ind1=" " ind2="4" tag="650">
		<subfield code="a">عائلة مارش (شخصيات خيالية)</subfield>
		<subfield code="v">قصة.</subfield>
	</datafield>
	<datafield ind1=" " ind2="4" tag="650">
		<subfield code="a">الامهات والأخوات</subfield>
		<subfield code="v">قصة.</subfield>
	</datafield>
	<datafield ind1=" " ind2="4" tag="650">
		<subfield code="a">الشابات</subfield>
		<subfield code="v">قصة.</subfield>
	</datafield>
	<datafield ind1=" " ind2="4" tag="650">
		<subfield code="a">الأخوات</subfield>
		<subfield code="v">قصة.</subfield>
	</datafield>
	<datafield ind1=" " ind2="4" tag="650">
		<subfield code="a">القصة الاميركية</subfield>
		<subfield code="v">ترجمات الى العربية.</subfield>
	</datafield>
	<datafield ind1=" " ind2="0" tag="650">
		<subfield code="a">March family (Fictitious characters)</subfield>
		<subfield code="v">Fiction.</subfield>
	</datafield>
	<datafield ind1=" " ind2="0" tag="650">
		<subfield code="a">Mothers and daughters</subfield>
		<subfield code="v">Fiction.</subfield>
	</datafield>
	<datafield ind1=" " ind2="0" tag="650">
		<subfield code="a">Young women</subfield>
		<subfield code="v">Fiction.</subfield>
	</datafield>
	<datafield ind1=" " ind2="0" tag="650">
		<subfield code="a">Sisters</subfield>
		<subfield code="v">Fiction.</subfield>
	</datafield>
	<datafield ind1=" " ind2="0" tag="650">
		<subfield code="a">American fiction</subfield>
		<subfield code="v">Translations into Arabic.</subfield>
	</datafield>
	<datafield ind1=" " ind2="4" tag="655">
		<subfield code="a">قصص.</subfield>
	</datafield>
	<datafield ind1=" " ind2="0" tag="655">
		<subfield code="a">Fiction.</subfield>
	</datafield>
	<datafield ind1="1" ind2=" " tag="700">
		<subfield code="6">880-05</subfield>
		<subfield code="a">Saʻīd, Amīnah.</subfield>
		<subfield code="e">translator.</subfield>
		<subfield code="0">http://id.loc.gov/authorities/names/n82160866 ,</subfield>
	</datafield>
	<datafield ind1="2" ind2=" " tag="710">
		<subfield code="a">Jafet Memorial Library.</subfield>
	</datafield>
	<datafield ind1="0" ind2=" " tag="730">
		<subfield code="a">Arabic Collections Online.</subfield>
	</datafield>
	<datafield ind1="0" ind2="8" tag="765">
		<subfield code="6">880-06</subfield>
		<subfield code="i">is translation of</subfield>
		<subfield code="4">http://rdaregistry.info/Elements/e/P20141 :</subfield>
		<subfield code="a">Alcott, Louisa May, 1832-1888.</subfield>
		<subfield code="t">Little women, or, Meg, Jo, Beth, and Amy.</subfield>
		<subfield code="d">New York : Crowell, 1955</subfield>
		<subfield code="w">(OCoLC)02012693</subfield>
		<subfield code="w">(OCoLC)02012693</subfield>
	</datafield>
	<datafield ind1="0" ind2="8" tag="775">
		<subfield code="6">880-07</subfield>
		<subfield code="i">has designation of edition</subfield>
		<subfield code="4">http://rdaregistry.info/Elements/m/P30133 :</subfield>
		<subfield code="a">Alcott, Louisa May, 1832-1888.</subfield>
		<subfield code="t">Nisāʼ saghīrāt.</subfield>
		<subfield code="b">al-Ṭabʻah al-rābiʻah.</subfield>
		<subfield code="d">Miṣr : Dar al-Maʻārif, 1968</subfield>
		<subfield code="w">(LEAUB)b25896076</subfield>
	</datafield>
	<datafield ind1="0" ind2="8" tag="776">
		<subfield code="i">Print version:</subfield>
		<subfield code="a">Alcott, Louisa May, 1832-1888. author. http://id.loc.gov/authorities/names/n82160866 ,</subfield>
		<subfield code="t">Nisāʼ saghīrāt</subfield>
		<subfield code="w">(LeBAU)b12513258</subfield>
	</datafield>
	<datafield ind1="4" ind2="0" tag="856">
		<subfield code="u">http://hdl.handle.net/2333.1/c866tc28</subfield>
	</datafield>
	<datafield ind1="1" ind2=" " tag="880">
		<subfield code="6">100-01</subfield>
		<subfield code="a">ألكوت، لويزا ماي،</subfield>
		<subfield code="d">1832-1888،</subfield>
		<subfield code="0">http://id.loc.gov/authorities/names/n82160866 ,</subfield>
		<subfield code="e">مؤلف. </subfield>
		<subfield code="4">aut.</subfield>
	</datafield>
	<datafield ind1="1" ind2="0" tag="880">
		<subfield code="6">245-02</subfield>
		<subfield code="a">نساء صغيرات /</subfield>
		<subfield code="c">تأليف لويزا م. ألكوت ؛ ترجمة أمينة السعيد.</subfield>
	</datafield>
	<datafield ind1=" " ind2="1" tag="880">
		<subfield code="6">264-03</subfield>
		<subfield code="a">مصر :</subfield>
		<subfield code="b">دار المعارف،</subfield>
		<subfield code="c">1954-1956.</subfield>
	</datafield>
	<datafield ind1=" " ind2=" " tag="880">
		<subfield code="6">300-04</subfield>
		<subfield code="a">4 أجزاء :</subfield>
		<subfield code="b">مصورات (بعضها ملون) ؛</subfield>
		<subfield code="c">19 سم</subfield>
	</datafield>
	<datafield ind1="1" ind2=" " tag="880">
		<subfield code="6">700-05</subfield>
		<subfield code="a">السعيد، امينة،</subfield>
		<subfield code="0">http://id.loc.gov/authorities/names/n82160866 ,</subfield>
		<subfield code="e">مترجم. </subfield>
		<subfield code="4">trl.</subfield>
	</datafield>
	<datafield ind1="0" ind2="8" tag="880">
		<subfield code="6">765-06</subfield>
		<subfield code="i">ترجمة </subfield>
		<subfield code="4">http://rdaregistry.info/Elements/e/P20141 :</subfield>
		<subfield code="a">Alcott, Louisa May, 1832-1888.</subfield>
		<subfield code="t">Little women, or, Meg, Jo, Beth, and Amy.</subfield>
		<subfield code="d">New York : Crowell, 1955</subfield>
		<subfield code="w">(LEAUB)b11621825</subfield>
		<subfield code="w">(OCoLC)02012693</subfield>
	</datafield>
	<datafield ind1="0" ind2="8" tag="880">
		<subfield code="6">775-07</subfield>
		<subfield code="i">دلالة على الطبعة</subfield>
		<subfield code="4">http://rdaregistry.info/Elements/m/P30133 :</subfield>
		<subfield code="a">ألكوت، لويزا ماي، 1832-1888.</subfield>
		<subfield code="t">نساء صغيرات.</subfield>
		<subfield code="b">الطبعة الرابعة.</subfield>
		<subfield code="d">مصر : دار المعارف، 1968</subfield>
		<subfield code="w">(LEAUB)b25896076</subfield>
	</datafield>
	<datafield ind1=" " ind2=" " tag="959">
		<subfield code="a">NNU</subfield>
		<subfield code="b">WEB</subfield>
		<subfield code="c">GENI</subfield>
		<subfield code="t">0</subfield>
		<subfield code="m">Electronic access</subfield>
		<subfield code="s">01</subfield>
	</datafield>
	<datafield ind1=" " ind2=" " tag="999">
		<subfield code="i">LeBAU_b12513258</subfield>
		<subfield code="s">aub_aco004482:v.2</subfield>
		<subfield code="s">aub_aco004483:v.3</subfield>
		<subfield code="e">(ERROR-880)(ERROR-MISC)</subfield>
	</datafield>
</record>
